<record><leader>00000cas a22000007a 4500</leader><controlfield tag="001">8065566</controlfield><controlfield tag="008">820115d19632000nyuwr ne      0   a0eng d</controlfield><controlfield tag="009">394</controlfield><datafield ind1=" " ind2=" " tag="010"><subfield code="a">sn 84031125 </subfield></datafield><datafield ind1=" " ind2=" " tag="040"><subfield code="a">YQR</subfield><subfield code="b">eng</subfield><subfield code="c">YQR</subfield><subfield code="d">NYG</subfield><subfield code="d">NSD</subfield><subfield code="d">NYS</subfield><subfield code="d">OCLCQ</subfield><subfield code="d">NSD</subfield><subfield code="d">OCLCQ</subfield></datafield><datafield ind1=" " ind2=" " tag="012"><subfield code="m">d</subfield></datafield><datafield ind1="1" ind2=" " tag="022"><subfield code="a">1041-259X</subfield><subfield code="l">1041-259X</subfield><subfield code="2">1</subfield></datafield><datafield ind1="1" ind2=" " tag="029"><subfield code="a">AU@</subfield><subfield code="b">000025800865</subfield></datafield><datafield ind1=" " ind2=" " tag="042"><subfield code="a">msc</subfield><subfield code="a">nsdp</subfield></datafield><datafield ind1=" " ind2="0" tag="222"><subfield code="a">Gates Chili news</subfield></datafield><datafield ind1="0" ind2="0" tag="245"><subfield code="a">Gates-Chili news.</subfield></datafield><datafield ind1="3" ind2="0" tag="246"><subfield code="a">Gates Chili news</subfield></datafield><datafield ind1="3" ind2="0" tag="246"><subfield code="a">Gates news Chili</subfield></datafield><datafield ind1="3" ind2="0" tag="246"><subfield code="a">Chili news</subfield></datafield><datafield ind1=" " ind2=" " tag="260"><subfield code="a">Rochester, N.Y. :</subfield><subfield code="b">[Gates-Chili News],</subfield><subfield code="c">1963-</subfield></datafield><datafield ind1=" " ind2=" " tag="300"><subfield code="a">v. :</subfield><subfield code="b">ill. ;</subfield><subfield code="c">44 cm.</subfield></datafield><datafield ind1=" " ind2=" " tag="310"><subfield code="a">Weekly</subfield></datafield><datafield ind1="0" ind2=" " tag="362"><subfield code="a">Vol. 5, no. 1 (Oct. 31, 1963)-</subfield></datafield><datafield ind1="1" ind2=" " tag="362"><subfield code="a">Ceased in 2000.</subfield></datafield><datafield ind1=" " ind2="4" tag="651"><subfield code="a">Rochester (N.Y.)</subfield><subfield code="v">Newspapers.</subfield></datafield><datafield ind1=" " ind2="4" tag="651"><subfield code="a">Gates (N.Y.)</subfield><subfield code="v">Newspapers.</subfield></datafield><datafield ind1=" " ind2="4" tag="651"><subfield code="a">Chili (N.Y.)</subfield><subfield code="v">Newspapers.</subfield></datafield><datafield ind1=" " ind2=" " tag="752"><subfield code="a">United States</subfield><subfield code="b">New York</subfield><subfield code="c">Monroe</subfield><subfield code="d">Rochester.</subfield></datafield><datafield ind1=" " ind2=" " tag="752"><subfield code="a">United States</subfield><subfield code="b">New York</subfield><subfield code="c">Monroe</subfield><subfield code="d">Gates.</subfield></datafield><datafield ind1=" " ind2=" " tag="752"><subfield code="a">United States</subfield><subfield code="b">New York</subfield><subfield code="c">Monroe</subfield><subfield code="d">Chili.</subfield></datafield><datafield ind1="0" ind2="0" tag="780"><subfield code="t">Gates-Chili's shopping dollar news</subfield><subfield code="w">(DLC)sn 84031120</subfield></datafield><datafield ind1="0" ind2="0" tag="785"><subfield code="t">Gates-Chili post</subfield><subfield code="x">1553-2291</subfield><subfield code="w">(DLC)  2004215883</subfield><subfield code="w">(OCoLC)43814091</subfield></datafield></record>